@misc{Notena,
author = {Noten, Jeroen},
title = {{GitHub - jeroennoten/Laravel-AdminLTE: Easy AdminLTE integration with Laravel 5}},
url = {https://github.com/jeroennoten/Laravel-AdminLTE},
urldate = {2019-04-16}
}
@misc{AlmsaeedStudio,
author = {{Almsaeed Studio}},
title = {{Free Bootstrap Admin Template | AdminLTE.IO}},
url = {https://adminlte.io/},
urldate = {2019-04-10}
}
@misc{Laravela,
author = {Laravel},
title = {{Blade Templates - Laravel - The PHP Framework For Web Artisans}},
url = {https://laravel.com/docs/5.8/blade},
urldate = {2019-04-26}
}
@misc{Laravelb,
author = {Laravel},
title = {{Artisan Console - Laravel - The PHP Framework For Web Artisans}},
url = {https://laravel.com/docs/5.8/artisan},
urldate = {2019-04-16}
}
@misc{Wikipediad,
author = {Wikipedia},
title = {{MVC}},
url = {https://pt.wikipedia.org/wiki/MVC}
}
@article{Davis,
author = {Davis, Ian},
journal = {Internet Alchemy},
title = {{What Are The Benefits of MVC?}},
url = {http://blog.iandavis.com/2008/12/what-are-the-benefits-of-mvc/}
}
@misc{Wikipediac,
author = {Wikipedia},
title = {{Microsoft Dynamics}},
url = {https://pt.wikipedia.org/wiki/Microsoft{\_}Dynamics}
}
@misc{Wikipediab,
author = {Wikipedia},
title = {{SAP ERP}},
url = {https://pt.wikipedia.org/wiki/SAP{\_}ERP}
}
@misc{PRIMAVERABSS,
author = {{PRIMAVERA BSS}},
title = {{PRIMAVERA BSS, Software de Gest{\~{a}}o, Fatura{\c{c}}{\~{a}}o, ERP e POS}},
url = {https://pt.primaverabss.com/pt/}
}
@misc{Wikipediaa,
author = {Wikipedia},
title = {{Primavera Business Software Solutions}},
url = {https://pt.wikipedia.org/wiki/Primavera{\_}Business{\_}Software{\_}Solutions}
}
@misc{Destak2010,
author = {Destak},
booktitle = {2010-05-04},
title = {{Dez toneladas de velas ardem em cada fim de semana de ver{\~{a}}o no Santu{\'{a}}rio de F{\'{a}}tima}},
url = {http://www.destak.pt/artigo/62310},
year = {2010}
}
@misc{SecundinoCunha2016,
author = {{Secundino Cunha}},
booktitle = {2016-01-26},
title = {{Centro ambiental recicla velas de todas as igrejas do concelho}},
url = {https://www.cmjornal.pt/portugal/cidades/detalhe/centro{\_}ambiental{\_}recicla{\_}velas{\_}de{\_}todas{\_}as{\_}igrejas{\_}do{\_}concelho},
year = {2016}
}
@misc{Laravel,
author = {Laravel},
title = {{Laravel}},
url = {https://laravel.com/},
urldate = {2019-05-01}
}
@misc{Noten,
author = {Noten, Jeroen},
keywords = {AdminLTE,Laravel,Template},
mendeley-tags = {AdminLTE,Laravel,Template},
title = {{Laravel-AdminLTE}},
url = {https://github.com/jeroennoten/Laravel-AdminLTE}
}
@misc{Microsofta,
author = {Microsoft},
title = {{Documenta{\c{c}}{\~{a}}o SQL Server}},
url = {https://docs.microsoft.com/en-us/sql/}
}
@misc{Datatables,
author = {Datatables},
title = {{Datatables}},
url = {https://datatables.net/}
}
@misc{Milon,
author = {Milon, Nuruzzaman},
title = {{C{\'{o}}digo de Barras Laravel}},
url = {https://github.com/milon/barcode}
}
@misc{Mansuri2018,
abstract = {Out of the box, Laravel ships with many features that make your applications ready for prime time. In this article, you will learn about these features.},
author = {Mansuri, Shahid},
keywords = {Laravel,Security},
mendeley-tags = {Laravel,Security},
pages = {1},
title = {{Why Laravel is the Recommended Framework for Secure, Mission-Critical Applications}},
url = {https://auth0.com/blog/why-laravel-is-the-recommended-framework-for-secure-mission-critical-applications/},
year = {2018}
}
@article{Aveiro2015,
abstract = {Manual para a realiza{\c{c}}{\~{a}}o de cita{\c{c}}{\~{o}}es em texto e refer{\^{e}}ncias bibliogr{\'{a}}ficas tendo em conta a tipologia de documento consultada, segundo o estilo bibliogr{\'{a}}fico IEEE.},
author = {de Aveiro, Universidade},
keywords = {IEEE,UA,Universidade de Aveiro},
mendeley-tags = {IEEE,UA,Universidade de Aveiro},
pages = {16},
title = {{2015 Citar e referenciar: estilo bibliogr{\'{a}}fico IEEE}},
url = {https://www.ua.pt/sbidm/biblioteca/ReadObject.aspx?obj=36605},
year = {2015}
}
@misc{Wikipedia,
author = {Wikipedia},
keywords = {Microsoft,PowerBI},
mendeley-tags = {Microsoft,PowerBI},
title = {{PowerBI}},
url = {https://pt.wikipedia.org/wiki/Power{\_}BI}
}
@misc{Microsoft,
author = {Microsoft},
keywords = {PowerBI},
mendeley-tags = {PowerBI},
title = {{PowerBI}},
url = {https://powerbi.microsoft.com/pt-pt/}
}
@misc{NaturalLife,
author = {NaturalLife},
title = {{NaturalLife}},
url = {http://naturallife.pt/},
urldate = {2019-04-08}
}
@misc{Canonical,
author = {Canonical},
title = {{The leading operating system for PCs, IoT devices, servers and the cloud | Ubuntu}},
url = {https://ubuntu.com/},
urldate = {2019-07-16}
}
@misc{Apache,
author = {Apache},
title = {{Welcome to The Apache Software Foundation!}},
url = {https://www.apache.org/},
urldate = {2019-05-16}
}
@misc{PHP,
author = {PHP},
title = {{PHP: Hypertext Preprocessor}},
url = {https://php.net/},
urldate = {2019-04-16}
}
@misc{Microsoftb,
author = {Microsoft},
title = {{SQL Server | Microsoft}},
url = {https://www.microsoft.com/pt-pt/sql-server/sql-server-downloads},
urldate = {2019-04-16}
}
@misc{Microsoftc,
author = {Microsoft},
title = {{Download SQL Server Management Studio (SSMS) - SQL Server | Microsoft Docs}},
url = {https://docs.microsoft.com/en-us/sql/ssms/download-sql-server-management-studio-ssms?view=sql-server-2017},
urldate = {2019-04-16}
}
@misc{Overleaf,
author = {Overleaf},
title = {{Documentation - Overleaf, Online LaTeX Editor}},
url = {https://www.overleaf.com/learn},
urldate = {2019-06-27}
}
